@Misc{peft,
  title =        {PEFT: State-of-the-art Parameter-Efficient Fine-Tuning methods},
  author =       {Sourab Mangrulkar and Sylvain Gugger and Lysandre Debut and Younes Belkada and Sayak Paul and Benjamin Bossan},
  howpublished = {\url{https://github.com/huggingface/peft}},
  year =         {2022}
}

@inproceedings{
    hu2022lora,
    title={Lo{RA}: Low-Rank Adaptation of Large Language Models},
    author={Edward J Hu and Yelong Shen and Phillip Wallis and Zeyuan Allen-Zhu and Yuanzhi Li and Shean Wang and Lu Wang and Weizhu Chen},
    booktitle={International Conference on Learning Representations},
    year={2022},
    url={https://openreview.net/forum?id=nZeVKeeFYf9}
}

@article{conneau2020unsupervised,
  author    = {Alexis Conneau and
               Kartikay Khandelwal and
               Naman Goyal and
               Vishrav Chaudhary and
               Guillaume Wenzek and
               Francisco Guzm{\'{a}}n and
               Edouard Grave and
               Myle Ott and
               Luke Zettlemoyer and
               Veselin Stoyanov},
  title     = {Unsupervised Cross-lingual Representation Learning at Scale},
  journal   = {CoRR},
  volume    = {abs/1911.02116},
  year      = {2019},
  url       = {http://arxiv.org/abs/1911.02116},
  eprinttype = {arXiv},
  eprint    = {1911.02116},
  timestamp = {Mon, 11 Nov 2019 18:38:09 +0100},
  biburl    = {https://dblp.org/rec/journals/corr/abs-1911-02116.bib},
  bibsource = {dblp computer science bibliography, https://dblp.org}
}

@misc{nvidiaT4,
  author = {{NVIDIA Corporation}},
  title = {NVIDIA Tesla T4 Tensor Core Datasheet},
  year = {2018},
  url = {https://www.nvidia.com/content/dam/en-zz/Solutions/Data-Center/tesla-t4/t4-tensor-core-datasheet-951643.pdf},
  note = {Accessed: 2025-03-07}
}


@misc{iso639-3,
  title        = "{ISO 639-3 Macrolanguage Mappings}",
  author       = "{SIL International}",
  year         = 2025,
  url          = "https://iso639-3.sil.org/code_tables/macrolanguage_mappings/data",
  note         = "Accessed: 2025-02-25"
}

@Misc{accelerate,
  title =        {Accelerate: Training and inference at scale made simple, efficient and adaptable.},
  author =       {Sylvain Gugger and Lysandre Debut and Thomas Wolf and Philipp Schmid and Zachary Mueller and Sourab Mangrulkar and Marc Sun and Benjamin Bossan},
  howpublished = {\url{https://github.com/huggingface/accelerate}},
  year =         {2022}
}


